@online{NYT,
  author = {Sabrina Tavernise},
  title = {As Fake News Spreads Lies, More Readers Shrug at the Truth},
  year = 2016,
  howpublished = {\url{https://www.nytimes.com/2016/12/06/us/fake-news-partisan-republican-democrat.html}},
  urldate = {2016-12-06}
}

@online{Fortune,
  author = {Andrew Harrer Bloomberg},
  title = {Facebook Has a New Plan to Curb 'Fake News'},
  year = 2017,
  howpublished = {\url{http://fortune.com/2017/08/03/facebook-fake-news-algorithm/}},
  urldate = {2017-08-03}
}

@online{KaggleDataset,
  author = {Kaggle},
  title = {Getting Real about Fake News: Text and metadata from fake and biased news sources around the web},
  year = 2017,
  howpublished = {\url{https://www.kaggle.com/mrisdal/fake-news}},
  urldate = {}
}

@online{TFIDF,
  author = {Wikipedia},
  title = {tf-idf},
  year = 2017,
  howpublished = {\url{https://en.wikipedia.org/wiki/Tf-idf}},
  urldate = {}
}

@online{Genes,
  author = {Yunus Genes},
  title = {Detecting Fake News with NLP},
  year = 2017,
  howpublished = {\url{https://medium.com/@Genyunus/detecting-fake-news-with-nlp-c893ec31dee8}},
  urldate = {}
}

@online{NYDSA,
  author = {Julia Goldstein},
  title = {Identifying "Fake News" With NLP},
  year = 2017,
  howpublished = {\url{https://blog.nycdatascience.com/student-works/identifying-fake-news-nlp/}},
  urldate = {}
}

@online{wiki_recall_precision,
  author = {Wikipedia},
  title = {Precision and Recall},
  howpublished = {\url{https://en.wikipedia.org/wiki/Precision_and_recall}}
  urldate = {}
}

@online{wiki_f1score,
  author = {Wikipedia},
  title = {F1 score},
  howpublished = {\url{https://en.wikipedia.org/wiki/F1_score}}
  urldate = {}
}

@online{wordcloud,
  author = {Andreas Christian Mueller},
  title = {word\_cloud},
  howpublished = {\url{https://github.com/amueller/word_cloud/tree/master/examples}}
  urldate = {}
}

@online{jarmul,
  author = {Katharine Jarmul},
  title = {Detecting Fake News with Scikit-Learn},
  howpublished = {\url{https://www.datacamp.com/community/tutorials/scikit-learn-fake-news}}
  urldate = {}
}

@online{scikit-ensemble,
  author = {scikit-learn},
  title = {Ensemble methods},
  howpublished = {\url{http://scikit-learn.org/stable/modules/ensemble.html}}
  urldate = {}
}
