@online{NYT,
  author = {Sabrina Tavernise},
  title = {As Fake News Spreads Lies, More Readers Shrug at the Truth},
  year = 2016,
  howpublished = {\url{https://www.nytimes.com/2016/12/06/us/fake-news-partisan-republican-democrat.html}},
  urldate = {2016-12-06}
}

@online{Fortune,
  author = {Andrew Harrer Bloomberg},
  title = {Facebook Has a New Plan to Curb 'Fake News'},
  year = 2017,
  howpublished = {\url{http://fortune.com/2017/08/03/facebook-fake-news-algorithm/}},
  urldate = {2017-08-03}
}

@online{KaggleDataset,
  author = {Kaggle},
  title = {Getting Real about Fake News: Text and metadata from fake and biased news sources around the web},
  year = 2017,
  howpublished = {\url{https://www.kaggle.com/mrisdal/fake-news}},
  urldate = {}
}

@online{TFIDF,
  author = {Wikipedia},
  title = {tf-idf},
  year = 2017,
  howpublished = {\url{https://en.wikipedia.org/wiki/Tf-idf}},
  urldate = {}
}

@online{Genes,
  author = {Yunus Genes},
  title = {Detecting Fake News with NLP},
  year = 2017,
  howpublished = {\url{https://medium.com/@Genyunus/detecting-fake-news-with-nlp-c893ec31dee8}},
  urldate = {}
}

@online{NYDSA,
  author = {Julia Goldstein},
  title = {Identifying "Fake News" With NLP},
  year = 2017,
  howpublished = {\url{https://blog.nycdatascience.com/student-works/identifying-fake-news-nlp/}},
  urldate = {}
}

